@article {ihme,
	author = {, and Murray, Christopher JL},
	title = {Forecasting the impact of the first wave of the COVID-19 pandemic on hospital demand and deaths for the USA and European Economic Area countries},
	elocation-id = {2020.04.21.20074732},
	year = {2020},
	doi = {10.1101/2020.04.21.20074732},
	publisher = {Cold Spring Harbor Laboratory Press},
	URL = {https://www.medrxiv.org/content/early/2020/04/26/2020.04.21.20074732},
	eprint = {https://www.medrxiv.org/content/early/2020/04/26/2020.04.21.20074732.full.pdf},
	journal = {medRxiv}
}

@article {corona-tracker,
	author = {Binti Hamzah FA, Lau C, Nazri H, Ligot DV, Lee G, Tan CL},
	title = {CoronaTracker: Worldwide COVID-19 Outbreak Data Analysis and Prediction},
	year = {2020},
	URL = {http://dx.doi.org/10.2471/BLT.20.255695},
	journal = {Bull World Health Organ}
}

@article {latest-models,
    author = {Ryan Best, Jay Boice},
    title = {Where The Latest COVID-19 Models Think We're Headed - And Why They Disagree},
    year = {2020},
    URL = {https://projects.fivethirtyeight.com/covid-forecasts/},
    note = "[Online; accessed 17-May-2020]"
}

@article {sir-model-flow,
	author = {Sasaki, K.},
	title = {COVID-19 dynamics with SIR model},
	year = {2020},
	URL = {https://www.lewuathe.com/covid-19-dynamics-with-sir-model.html},
}

@online {JHU-data,
	author = {Johns Hopkins University Center for Systems Science and Engineering (JHU CSSE).},
	title = {COVID-19 Data Repository by the Center for Systems Science and Engineering (CSSE) at Johns Hopkins University},
	year = {2020},
	URL = {https://github.com/CSSEGISandData/COVID-19},
}

@online{who-website,
    author = "World Health Organization",
    title = "WHO Timeline - COVID-19",
    url  = "https://www.who.int/news-room/detail/27-04-2020-who-timeline---covid-19",
    addendum = "(accessed: 05.17.2020)",
    keywords = "who, covid"
}


@online{idm,
    author = "Institute for Disease Modeling",
    title = "Compartmental models and EMOD",
    url  = "https://idmod.org/docs/general/model-compartments.html",
    addendum = "(accessed: 05.17.2020)",
    keywords = "disease modeling, seir, sir, idm"
}

@MISC{Anu:2013,
author = {Aggarwal, Anupama},
title = {This is how you cite a website in latex},
month = may,
year = {2013},
howpublished={\url{http://precog.iiitd.edu.in/people/anupama}}
}

@misc {population-csv,
    title={Population by Country - 2020},
    author={Tanu N Prabu},
    howpublished={\url{https://www.kaggle.com/tanuprabhu/population-by-country-2020}}
}

@misc {epidemic-calculator,
    title={Epidemic Calculator},
    author={Gabriel Goh},
    howpublished={\url{http://gabgoh.github.io/COVID/index.html}}
    
}